<?xml version="1.0" encoding="UTF-8"?><collection xmlns="http://www.loc.gov/MARC21/slim"><record><leader>00443nam--2200181-i-4500</leader><controlfield tag="001">000040583</controlfield><controlfield tag="002">20161230</controlfield><controlfield tag="005">20161230201042</controlfield><controlfield tag="008">060222s1000------------r-----000-0-ger-d</controlfield><datafield ind1=" " ind2=" " tag="040"><subfield code="a">IFIN-HH</subfield></datafield><datafield ind1=" " ind2=" " tag="041"><subfield code="a">ger</subfield></datafield><datafield ind1=" " ind2=" " tag="080"><subfield code="a">53(02)</subfield></datafield><datafield ind1="1" ind2=" " tag="100"><subfield code="a">Schmidt,Gunther</subfield></datafield><datafield ind1="1" ind2="0" tag="245"><subfield code="a">Kompendium der physik</subfield><subfield code="c">Gunther schmidt</subfield></datafield><datafield ind1=" " ind2=" " tag="260"><subfield code="a">Jena</subfield><subfield code="b">Veb Gustav Fischer Verlag</subfield><subfield code="c">1975</subfield></datafield><datafield ind1=" " ind2=" " tag="300"><subfield code="a">334 P</subfield></datafield><datafield ind1=" " ind2=" " tag="852"><subfield code="a">41226</subfield><subfield code="c">53</subfield></datafield><datafield ind1=" " ind2=" " tag="CAT"><subfield code="a">Sys</subfield><subfield code="c">20150319</subfield><subfield code="h">084341</subfield></datafield></record></collection>